@article{boakes2010distorted,
  title={Distorted views of biodiversity: spatial and temporal bias in species occurrence data},
  author={Boakes, Elizabeth H and McGowan, Philip JK and Fuller, Richard A and Chang-qing, Ding and Clark, Natalie E and O'Connor, Kim and Mace, Georgina M},
  journal={PLoS biology},
  volume={8},
  number={6},
  pages={e1000385},
  year={2010},
  publisher={Public Library of Science San Francisco, USA}
}

@article{dias2018informative,
  title={The informative value of museum collections for ecology and conservation: A comparison with target sampling in the Brazilian Atlantic forest},
  author={Dias Tarli, Vitor and Grandcolas, Philippe and Pellens, Roseli},
  journal={PloS one},
  volume={13},
  number={11},
  pages={e0205710},
  year={2018},
  publisher={Public Library of Science San Francisco, CA USA}
}

@article{gotelli2021estimating,
  title={Estimating species relative abundances from museum records},
  author={Gotelli, Nicholas J and Booher, Douglas B and Urban, Mark C and Ulrich, Werner and Suarez, Andrew V and Skelly, David K and Russell, David J and Rowe, Rebecca J and Rothendler, Matthew and Rios, Nelson and others},
  journal={Methods in Ecology and Evolution},
  year={2021},
  publisher={Wiley Online Library}
}

@article{greenfieldboyce_is_2014,
	chapter = {Science},
	title = {Is {Collecting} {Animals} {For} {Science} {A} {Noble} {Mission} {Or} {A} {Threat}?},
	url = {https://www.npr.org/2014/06/18/318307574/is-collecting-animals-for-science-a-noble-mission-or-a-threat},
	abstract = {Museums are filled with dead insects, birds, fish, mammals and reptiles meticulously gathered worldwide in the name of scientific discovery. But some researchers now say scientists should think twice.},
	language = {en},
	urldate = {2021-12-05},
	journal = {NPR},
	author = {Greenfieldboyce, Nell},
	month = jun,
	year = {2014},
	file = {Snapshot:files/322/is-collecting-animals-for-science-a-noble-mission-or-a-threat.html:text/html},
}

@article{hromada2015old,
  title={Old natural history collections for new millennium--birds and mammals in the collection of PhMr. Tibor Weisz in Sarisske Museum Bardejov, Slovakia},
  author={Hromada, Martin and {\v{C}}an{\'a}dy, A and Mikula, P and Peterson, AT and Tryjanowski, P},
  journal={Folia Oecologica, Acta Universitatis Presoviensis},
  volume={7},
  number={2},
  pages={115--141},
  year={2015}
}

@article{klem2014landscape,
  title={Landscape, legal, and biodiversity threats that windows pose to birds: a review of an important conservation issue},
  author={Klem Jr, Daniel},
  journal={Land},
  volume={3},
  number={1},
  pages={351--361},
  year={2014},
  publisher={Multidisciplinary Digital Publishing Institute}
}

@article{minteer2014avoiding,
  title={Avoiding (re) extinction},
  author={Minteer, Ben A and Collins, James P and Love, Karen E and Puschendorf, Robert},
  journal={science},
  volume={344},
  number={6181},
  pages={260--261},
  year={2014},
  publisher={American Association for the Advancement of Science}
}

@article{remsen1995importance,
  title={The importance of continued collecting of bird specimens to ornithology and bird conservation},
  author={Remsen, JV},
  journal={Bird Conservation International},
  volume={5},
  number={2-3},
  pages={146--180},
  year={1995},
  publisher={Cambridge University Press}
}

@article{rioux2013avian,
  title={Avian mortalities due to transmission line collisions: a review of current estimates and field methods with an emphasis on applications to the Canadian electric network},
  author={Rioux, S{\'e}bastien and Savard, Jean-Pierre and Gerick, Alyssa},
  journal={Avian Conservation and Ecology},
  volume={8},
  number={2},
  year={2013},
  publisher={The Resilience Alliance}
}

@article{russo2017collection,
  title={Collection of voucher specimens for bat research: conservation, ethical implications, reduction, and alternatives},
  author={Russo, Danilo and Ancillotto, Leonardo and Hughes, Alice C and Galimberti, Andrea and Mori, Emiliano},
  journal={Mammal Review},
  volume={47},
  number={4},
  pages={237--246},
  year={2017},
  publisher={Wiley Online Library}
}

@article{schmitt2019museum,
  title={Museum specimens of terrestrial vertebrates are sensitive indicators of environmental change in the Anthropocene},
  author={Schmitt, C Jonathan and Cook, Joseph A and Zamudio, Kelly R and Edwards, Scott V},
  journal={Philosophical Transactions of the Royal Society B},
  volume={374},
  number={1763},
  pages={20170387},
  year={2019},
  publisher={The Royal Society}
}

@article{shultz2021natural,
  title={Natural history collections are critical resources for contemporary and future studies of urban evolution},
  author={Shultz, Allison J and Adams, Benjamin J and Bell, Kayce C and Ludt, William B and Pauly, Gregory B and Vendetti, Jann E},
  journal={Evolutionary applications},
  volume={14},
  number={1},
  pages={233--247},
  year={2021},
  publisher={Wiley Online Library}
}

@article{speed2018contrasting,
  title={Contrasting spatial, temporal and environmental patterns in observation and specimen based species occurrence data},
  author={Speed, James DM and Bendiksby, Mika and Finstad, Anders G and Hassel, Kristian and Kolstad, Anders L and Prest{\o}, Tommy},
  journal={PloS one},
  volume={13},
  number={4},
  pages={e0196417},
  year={2018},
  publisher={Public Library of Science San Francisco, CA USA}
}

@inproceedings{sweet2010collection,
  title={Collection building through salvage: a review},
  author={Sweet, Paul R},
  booktitle={Collections in Context. Presented at the Proceedings of the 5th International Meeting of European Bird Curators, Natural History Museum Vienna, Vienna, Austria},
  pages={157--168},
  year={2010}
}

@article{vrezec2016birds,
  title={Birds from the Central and Eastern Balkan Peninsula in the collection of the Slovenian Museum of Natural History (Ljubljana, Slovenia)},
  author={Vrezec, Al and Ka{\v{c}}ar, Ur{\v{s}}ka},
  journal={Romania},
  volume={130},
  pages={2--3},
  year={2016}
}

@article{winker2000obtaining,
  title={Obtaining, Preserving, and Preparing Bird Specimens (Obteniendo, Preservando y Preparando Espec{\'\i}menes de Aves)},
  author={Winker, Kevin},
  journal={Journal of Field Ornithology},
  pages={250--297},
  year={2000},
  publisher={JSTOR}
}

@article{winker2010importance,
  title={The importance, effects, and ethics of bird collecting},
  author={Winker, Kevin and Reed, J Michael and Escalante, Patricia and Askins, Robert A and Cicero, Carla and Hough, Gerald E and Bates, John},
  journal={The Auk},
  volume={127},
  number={3},
  pages={690--695},
  year={2010},
  publisher={Oxford University Press}
}

